<?xml version="1.0" encoding="UTF-8"?><collection xmlns="http://www.loc.gov/MARC21/slim"><record><leader>00440nam--2200145-i-4500</leader><controlfield tag="001">000010138</controlfield><controlfield tag="002">20161230</controlfield><controlfield tag="005">20161230201028</controlfield><controlfield tag="008">060222s1000------------r-----000-0-eng-d</controlfield><datafield ind1=" " ind2=" " tag="080"><subfield code="a">519.2:53:54</subfield></datafield><datafield ind1=" " ind2=" " tag="100"><subfield code="a">Barber, Michael N. And Ninham, B.W</subfield></datafield><datafield ind1=" " ind2=" " tag="245"><subfield code="a">Random and restricted walks. theory and applications</subfield></datafield><datafield ind1=" " ind2=" " tag="260"><subfield code="a">New York, Gordon And Breach Sc.Publ.,1970. Xiii + 176 P</subfield></datafield><datafield ind1=" " ind2=" " tag="490"><subfield code="a">Mathematics And Its Applications</subfield></datafield><datafield ind1=" " ind2=" " tag="852"><subfield code="a">25374</subfield></datafield></record></collection>